<record><leader>00000cas a2200000 a 4500</leader><controlfield tag="001">12649784</controlfield><controlfield tag="008">851009d18851888ksuwr ne      0    0eng d</controlfield><datafield ind1=" " ind2=" " tag="010"><subfield code="a">sn 85067006 </subfield></datafield><datafield ind1=" " ind2=" " tag="040"><subfield code="a">KSH</subfield><subfield code="b">eng</subfield><subfield code="c">KSH</subfield><subfield code="d">NPT</subfield><subfield code="d">OCL</subfield><subfield code="d">OCLCQ</subfield></datafield><datafield ind1=" " ind2=" " tag="042"><subfield code="a">msc</subfield></datafield><datafield ind1="0" ind2="0" tag="245"><subfield code="a">Stafford County democrat.</subfield></datafield><datafield ind1="1" ind2="3" tag="246"><subfield code="a">Stafford democrat</subfield><subfield code="f">June 14-Dec. 27, 1888</subfield></datafield><datafield ind1=" " ind2=" " tag="260"><subfield code="a">Stafford, Kan. :</subfield><subfield code="b">Guernsey, Stubbs, &amp; Cruzen,</subfield><subfield code="c">1885-1888.</subfield></datafield><datafield ind1=" " ind2=" " tag="300"><subfield code="a">3 v. :</subfield><subfield code="b">ill. ;</subfield><subfield code="c">55 cm.</subfield></datafield><datafield ind1=" " ind2=" " tag="310"><subfield code="a">Weekly</subfield></datafield><datafield ind1="0" ind2=" " tag="362"><subfield code="a">Vol. 1, no. 1 (Nov. 5, 1885)-v. 3, no. 47 (Dec. 27, 1888).</subfield></datafield><datafield ind1=" " ind2=" " tag="500"><subfield code="a">Publisher varies.</subfield></datafield><datafield ind1=" " ind2=" " tag="752"><subfield code="a">United States</subfield><subfield code="b">Kansas</subfield><subfield code="c">Stafford</subfield><subfield code="d">Stafford.</subfield></datafield><datafield ind1="0" ind2="0" tag="780"><subfield code="t">Stafford County herald (Stafford, Kan. : 1884)</subfield><subfield code="w">(DLC)sn 85066704</subfield></datafield><datafield ind1="0" ind2="7" tag="785"><subfield code="t">Weekly telegram (Stafford, Kan.)</subfield><subfield code="w">(DLC)sn 85066709</subfield></datafield><datafield ind1="0" ind2="7" tag="785"><subfield code="t">Stafford County herald (Stafford, Kan. : 1889)</subfield><subfield code="w">(DLC)sn 85066655</subfield></datafield><datafield ind1="1" ind2=" " tag="029"><subfield code="a">AU@</subfield><subfield code="b">000022170561</subfield></datafield></record>